<collection xmlns="http://www.loc.gov/MARC21/slim">
<record>
  <leader>01044nam0a22002411i 450 </leader>
  <controlfield tag="001">IT\ICCU\CNCE\061797</controlfield>
  <controlfield tag="005">20120702000000.0</controlfield>
  <datafield tag="012" ind1=" " ind2=" ">
    <subfield code="a">iaa, iara o.io a,ta (C) 1600 (Q)</subfield>
    <subfield code="2">fei</subfield>
  </datafield>
  <datafield tag="100" ind1=" " ind2=" ">
    <subfield code="a">20051010f1600        0itac0103    ba</subfield>
  </datafield>
  <datafield tag="101" ind1=" " ind2=" ">
    <subfield code="a">ITA</subfield>
  </datafield>
  <datafield tag="102" ind1=" " ind2=" ">
    <subfield code="a">IT</subfield>
  </datafield>
  <datafield tag="200" ind1="1" ind2=" ">
    <subfield code="a">Rappresentatione di Abraam et Isaac</subfield>
  </datafield>
  <datafield tag="210" ind1=" " ind2=" ">
    <subfield code="d">\1600?!</subfield>
    <subfield code="e">In Venetia</subfield>
    <subfield code="g">appresso Alessandro Vecchi</subfield>
    <subfield code="g">vendesi in Roma al magazino della Venetia</subfield>
  </datafield>
  <datafield tag="215" ind1=" " ind2=" ">
    <subfield code="a">\4! c.</subfield>
    <subfield code="d">4ʻ</subfield>
  </datafield>
  <datafield tag="300" ind1=" " ind2=" ">
    <subfield code="a">ELIMINATA sec. XVII.Per l&apos;autore e la data cfr.: A. Cioni, Bibliografia delle sacre rappresentazioni. Firenze, Sansoni Antiquariato, 1961, p. 70, n. 23</subfield>
  </datafield>
  <datafield tag="620" ind1=" " ind2=" ">
    <subfield code="a">IT</subfield>
    <subfield code="d">Venezia</subfield>
  </datafield>
  <datafield tag="700" ind1=" " ind2="1">
    <subfield code="a">Belcari,</subfield>
    <subfield code="b">Feo</subfield>
    <subfield code="3">IT\ICCU\CNCA\001505</subfield>
  </datafield>
  <datafield tag="712" ind1="0" ind2="0">
    <subfield code="a">Vecchi, Alessandro</subfield>
    <subfield code="3">IT\ICCU\CNCT\000785</subfield>
    <subfield code="4">650</subfield>
  </datafield>
  <datafield tag="791" ind1="0" ind2="0">
    <subfield code="a">De_Vecchiis, Alexander</subfield>
    <subfield code="3">IT\ICCU\CNCT\004153</subfield>
    <subfield code="z">Vecchi, Alessandro</subfield>
  </datafield>
  <datafield tag="791" ind1="0" ind2="0">
    <subfield code="a">Vecchius, Alexander</subfield>
    <subfield code="3">IT\ICCU\CNCT\005860</subfield>
    <subfield code="z">Vecchi, Alessandro</subfield>
  </datafield>
  <datafield tag="791" ind1="0" ind2="0">
    <subfield code="a">Vecchia, Alessandro</subfield>
    <subfield code="3">IT\ICCU\CNCT\005861</subfield>
    <subfield code="z">Vecchi, Alessandro</subfield>
  </datafield>
  <datafield tag="801" ind1=" " ind2="3">
    <subfield code="a">IT</subfield>
    <subfield code="b">ICCU</subfield>
    <subfield code="c">20201115</subfield>
  </datafield>
  <datafield tag="899" ind1=" " ind2=" ">
    <subfield code="a">British Library. London</subfield>
    <subfield code="1">UK0001</subfield>
  </datafield>
</record>
</collection>
